@book{E-Guyton2006,
  author = {Guyton, Arthur C. and Hall, John E.},
  title = {Textbook of Medical Physiology},
  publisher = {Elsevier Inc.},
  year = {2006},
  edition = {11},
  isbn = {0-7216-0240-1},
  pages = {3},
}

@book{E-Aging2022,
  title = {Aging: From Fundamental Biology to Societal Impact},
  publisher = {Academic Press},
  year = {2022},
  isbn = {978-0-12-823761-8},
  doi = {https://doi.org/10.1016/C2020-0-00576-1}
}

@article{E-Donaldson2013,
  author = {Donaldson, Andrea E. and Lamont, Iain L.},
  title = {Biochemistry Changes That Occur after Death: Potential Markers for Determining Post-Mortem Interval},
  journal = {PLOS ONE},
  volume = {8},
  number = {11},
  pages = {e82011},
  year = {2013},
  doi = {10.1371/journal.pone.0082011},
  pmid = {24278469},
  pmcid = {PMC3836773},
  publisher = {Public Library of Science},
  url = {https://doi.org/10.1371/journal.pone.0082011},
  note = {Published online 2013 Nov 21.}
}

@misc{E-Cannon2022,
  author = {Cannon, Mark},
  title = {A2 Introduction to Control Theory: Lectures 1-4},
  howpublished = {Department of Engineering Science, University of Oxford, Michaelmas Term},
  year = {2022},
}

@misc{E-Cannon2022-2,
  author = {Cannon, Mark},
  title = {A2 Introduction to Control Theory: Lectures 5-8},
  howpublished = {Department of Engineering Science, University of Oxford, Michaelmas Term},
  year = {2022},
}

@article{E-Gaughan2014,
  title={Body temperature and respiratory dynamics in un-shaded beef cattle},
  author={Gaughan, J. B. and Mader, T. L.},
  journal={International Journal of Biometeorology},
  volume={58},
  pages={1443--1450},
  year={2014},
  publisher={Springer}
}

@inbook{E-Doran2013,
  author = {Doran, Pauline M.},
  title = {Chapter 9 - Heat Transfer},
  booktitle = {Bioprocess Engineering Principles},
  edition = {2},
  publisher = {Elsevier},
  pages = {333-377},
  year = {2013},
  doi = {10.1016/B978-0-12-220851-5.00009-5}
}

@article{E-Furuhashi2021,
  title={Formation of contractile 3D bovine muscle tissue for construction of millimetre-thick cultured steak},
  author={Furuhashi, Mai and Morimoto, Yuya and Shima, Ai and Nakamura, Futoshi and Ishikawa, Hiroshi and Takeuchi, Shoji},
  journal={npj Science of Food},
  volume={5},
  number={6},
  pages={},
  year={2021},
  publisher={Nature Publishing Group},
  doi={}
}

@inbook{E-Fellows2009,
  author = {Fellows, P.J.},
  title = {Heat processing},
  booktitle = {Food Processing Technology: Principles and Practice},
  edition = {3},
  pages = {339-366},
  publisher = {Woodhead Publishing},
  year = {2009},
  doi = {10.1533/9781845696344.3.339}
}